{"eth_usd":[{"type":"bid","price":3699.9999999,"amount":0.10038217,"tid":202570857,"timestamp":1633706318},{"type":"bid","price":3703.2000001,"amount":0.00077058,"tid":202570856,"timestamp":1633706087},{"type":"ask","price":3672.00505828,"amount":0.0997968,"tid":202570855,"timestamp":1633705802},{"type":"ask","price":3678.8630763,"amount":0.0001012,"tid":202570854,"timestamp":1633705777},{"type":"bid","price":3701.999,"amount":0.01737913,"tid":202570853,"timestamp":1633705286},{"type":"bid","price":3701.999,"amount":0.08252087,"tid":202570852,"timestamp":1633704547},{"type":"bid","price":3701.35345687,"amount":0.00034524,"tid":202570851,"timestamp":1633704547},{"type":"bid","price":3700,"amount":0.02054794,"tid":202570850,"timestamp":1633704477},{"type":"bid","price":3699.99999999,"amount":0.00677916,"tid":202570849,"timestamp":1633704464},{"type":"bid","price":3660,"amount":0.00023446,"tid":202570848,"timestamp":1633703637},{"type":"bid","price":3660,"amount":0.00163607,"tid":202570847,"timestamp":1633702843},{"type":"bid","price":3660,"amount":0.00272678,"tid":202570846,"timestamp":1633702781},{"type":"bid","price":3660,"amount":0.00272678,"tid":202570845,"timestamp":1633702775},{"type":"bid","price":3660,"amount":0.00267591,"tid":202570844,"timestamp":1633702747},{"type":"bid","price":3660,"amount":0.00000001,"tid":202570843,"timestamp":1633702747},{"type":"bid","price":3660,"amount":0.01005013,"tid":202570842,"timestamp":1633702559},{"type":"bid","price":3650,"amount":0.0002062,"tid":202570841,"timestamp":1633702152},{"type":"bid","price":3650,"amount":0.0049488,"tid":202570840,"timestamp":1633701950},{"type":"bid","price":3650,"amount":0.00166397,"tid":202570839,"timestamp":1633701925},{"type":"bid","price":3650,"amount":0.01,"tid":202570838,"timestamp":1633701919},{"type":"ask","price":3650,"amount":0.000102,"tid":202570837,"timestamp":1633701911},{"type":"ask","price":3650,"amount":0.00330129,"tid":202570836,"timestamp":1633701911},{"type":"bid","price":3660,"amount":0.00231776,"tid":202570835,"timestamp":1633698829},{"type":"bid","price":3660,"amount":0.00231776,"tid":202570834,"timestamp":1633698824},{"type":"bid","price":3660,"amount":0.00531434,"tid":202570833,"timestamp":1633698806},{"type":"ask","price":3650,"amount":0.01724665,"tid":202570832,"timestamp":1633698720},{"type":"ask","price":3650.0000039,"amount":0.000102,"tid":202570831,"timestamp":1633698463},{"type":"ask","price":3654.6000017,"amount":0.01054249,"tid":202570830,"timestamp":1633697362},{"type":"ask","price":3654.60000171,"amount":0.0003488,"tid":202570829,"timestamp":1633697362},{"type":"bid","price":3657.46389018,"amount":0.01693439,"tid":202570828,"timestamp":1633697353},{"type":"bid","price":3657.46389018,"amount":0.00166666,"tid":202570827,"timestamp":1633697352},{"type":"ask","price":3657.46389018,"amount":0.000102,"tid":202570826,"timestamp":1633697352},{"type":"ask","price":3657.46389018,"amount":0.00040566,"tid":202570825,"timestamp":1633697352},{"type":"bid","price":3677.36967662,"amount":0.01057931,"tid":202570824,"timestamp":1633696256},{"type":"ask","price":3675.59644422,"amount":0.00012455,"tid":202570823,"timestamp":1633696122},{"type":"bid","price":3663.17596258,"amount":0.1006751,"tid":202570822,"timestamp":1633695548},{"type":"ask","price":3670,"amount":0.00969806,"tid":202570821,"timestamp":1633695518},{"type":"ask","price":3670,"amount":0.05,"tid":202570820,"timestamp":1633695508},{"type":"bid","price":3680.77748285,"amount":0.10077915,"tid":202570819,"timestamp":1633695481},{"type":"bid","price":3684,"amount":0.00139336,"tid":202570818,"timestamp":1633695167},{"type":"bid","price":3683.9999999,"amount":0.0993482,"tid":202570817,"timestamp":1633695167},{"type":"bid","price":3683.9999999,"amount":0.0146935,"tid":202570816,"timestamp":1633695109},{"type":"bid","price":3683.9999999,"amount":0.10096742,"tid":202570815,"timestamp":1633695078},{"type":"ask","price":3670,"amount":0.00019856,"tid":202570814,"timestamp":1633694648},{"type":"bid","price":3689.9999999,"amount":0.00012456,"tid":202570813,"timestamp":1633694155},{"type":"ask","price":3670.0000008,"amount":0.02623194,"tid":202570812,"timestamp":1633693826},{"type":"ask","price":3670,"amount":0.04010338,"tid":202570811,"timestamp":1633693645},{"type":"ask","price":3670,"amount":0.07658665,"tid":202570810,"timestamp":1633693645},{"type":"ask","price":3671.19447006,"amount":0.00010197,"tid":202570809,"timestamp":1633693564},{"type":"bid","price":3699.99999988,"amount":0.00034524,"tid":202570808,"timestamp":1633693390},{"type":"ask","price":3678.84450839,"amount":0.000185,"tid":202570807,"timestamp":1633692347},{"type":"bid","price":3701.999,"amount":0.0001,"tid":202570806,"timestamp":1633691984},{"type":"ask","price":3670.0000001,"amount":0.00199533,"tid":202570805,"timestamp":1633690749},{"type":"ask","price":3674.41773431,"amount":0.00010079,"tid":202570804,"timestamp":1633690749},{"type":"ask","price":3670,"amount":0.0232244,"tid":202570803,"timestamp":1633689154},{"type":"ask","price":3670.00000001,"amount":0.0067756,"tid":202570802,"timestamp":1633689154},{"type":"ask","price":3670,"amount":0.00018895,"tid":202570801,"timestamp":1633688739},{"type":"bid","price":3701.9999999,"amount":0.00015865,"tid":202570800,"timestamp":1633688512},{"type":"bid","price":3700.92285444,"amount":0.18253717,"tid":202570799,"timestamp":1633688322},{"type":"bid","price":3700.92285444,"amount":0.25561175,"tid":202570798,"timestamp":1633688322},{"type":"bid","price":3689.9999997,"amount":0.00270461,"tid":202570797,"timestamp":1633687241},{"type":"bid","price":3693.9999989,"amount":0.04778639,"tid":202570796,"timestamp":1633687067},{"type":"bid","price":3694.9999994,"amount":0.00069606,"tid":202570795,"timestamp":1633686988},{"type":"bid","price":3694.9999999,"amount":0.00068959,"tid":202570794,"timestamp":1633686966},{"type":"ask","price":3701.35345677,"amount":0.00023948,"tid":202570793,"timestamp":1633686728},{"type":"ask","price":3701.35345677,"amount":0.00007629,"tid":202570792,"timestamp":1633686465},{"type":"ask","price":3701.35345678,"amount":0.00270679,"tid":202570791,"timestamp":1633686465},{"type":"ask","price":3701.35345687,"amount":0.00296455,"tid":202570790,"timestamp":1633686465},{"type":"bid","price":3701.99999903,"amount":0.00026958,"tid":202570789,"timestamp":1633685695},{"type":"bid","price":3701.99999923,"amount":0.00026958,"tid":202570788,"timestamp":1633685685},{"type":"bid","price":3701.99999933,"amount":0.00026958,"tid":202570787,"timestamp":1633685679},{"type":"bid","price":3702.00000043,"amount":0.00269585,"tid":202570786,"timestamp":1633685604},{"type":"bid","price":3702.00000053,"amount":0.00070032,"tid":202570785,"timestamp":1633685595},{"type":"bid","price":3702.00000063,"amount":0.01080497,"tid":202570784,"timestamp":1633685585},{"type":"bid","price":3702.00000063,"amount":0.01080497,"tid":202570783,"timestamp":1633685577},{"type":"bid","price":3702.00000073,"amount":0.01080497,"tid":202570782,"timestamp":1633685569},{"type":"bid","price":3702.00000083,"amount":0.01065982,"tid":202570781,"timestamp":1633685561},{"type":"bid","price":3701.35345677,"amount":0.00031577,"tid":202570780,"timestamp":1633685544},{"type":"bid","price":3701.35345687,"amount":0.00031577,"tid":202570779,"timestamp":1633685540},{"type":"bid","price":3701.35345697,"amount":0.00032227,"tid":202570778,"timestamp":1633685536},{"type":"bid","price":3701.35345697,"amount":0.00069207,"tid":202570777,"timestamp":1633685535},{"type":"bid","price":3701.35345697,"amount":0.00032227,"tid":202570776,"timestamp":1633685532},{"type":"bid","price":3701.35345707,"amount":0.00972617,"tid":202570775,"timestamp":1633685530},{"type":"bid","price":3701.35345717,"amount":0.00972617,"tid":202570774,"timestamp":1633685524},{"type":"bid","price":3701.35345717,"amount":0.00790514,"tid":202570773,"timestamp":1633685502},{"type":"bid","price":3700.997339,"amount":0.00002749,"tid":202570772,"timestamp":1633685459},{"type":"bid","price":3700.997339,"amount":0.00284925,"tid":202570771,"timestamp":1633685450},{"type":"bid","price":3700.00000461,"amount":0.001,"tid":202570770,"timestamp":1633683609},{"type":"bid","price":3700.00000123,"amount":0.00036,"tid":202570769,"timestamp":1633683609},{"type":"bid","price":3700.00000123,"amount":0.04964,"tid":202570768,"timestamp":1633683398},{"type":"bid","price":3700.00000123,"amount":0.00036,"tid":202570767,"timestamp":1633683398},{"type":"ask","price":3693.93479295,"amount":0.00070249,"tid":202570766,"timestamp":1633683339},{"type":"ask","price":3666.99,"amount":0.00427161,"tid":202570765,"timestamp":1633682735},{"type":"bid","price":3700,"amount":0.02972839,"tid":202570764,"timestamp":1633682572},{"type":"bid","price":3700,"amount":0.0054054,"tid":202570763,"timestamp":1633682572},{"type":"bid","price":3700,"amount":0.5,"tid":202570762,"timestamp":1633682572},{"type":"bid","price":3700,"amount":0.03,"tid":202570761,"timestamp":1633682572},{"type":"bid","price":3700,"amount":0.001,"tid":202570760,"timestamp":1633682572},{"type":"bid","price":3700,"amount":0.00075646,"tid":202570759,"timestamp":1633682572},{"type":"bid","price":3700,"amount":0.0053551,"tid":202570758,"timestamp":1633682572},{"type":"bid","price":3700,"amount":0.02056696,"tid":202570757,"timestamp":1633682571},{"type":"bid","price":3700,"amount":0.001,"tid":202570756,"timestamp":1633682571},{"type":"bid","price":3699.99999,"amount":0.001,"tid":202570755,"timestamp":1633682571},{"type":"bid","price":3699,"amount":0.00518769,"tid":202570754,"timestamp":1633682571},{"type":"bid","price":3699,"amount":0.00479581,"tid":202570753,"timestamp":1633682558},{"type":"bid","price":3698.22401127,"amount":0.00016139,"tid":202570752,"timestamp":1633682558},{"type":"bid","price":3698.22401127,"amount":0.00139681,"tid":202570751,"timestamp":1633682557},{"type":"bid","price":3695.0000001,"amount":0.00075,"tid":202570750,"timestamp":1633682557},{"type":"bid","price":3685.51897004,"amount":0.00289599,"tid":202570749,"timestamp":1633682557},{"type":"bid","price":3685.51897004,"amount":0.00892641,"tid":202570748,"timestamp":1633682328},{"type":"bid","price":3683.51836941,"amount":0.00030163,"tid":202570747,"timestamp":1633682328},{"type":"bid","price":3682.33392514,"amount":0.00077196,"tid":202570746,"timestamp":1633682328},{"type":"ask","price":3663.89814633,"amount":0.52377405,"tid":202570745,"timestamp":1633682145},{"type":"ask","price":3664.85582407,"amount":0.00622595,"tid":202570744,"timestamp":1633682145},{"type":"ask","price":3664.85582407,"amount":0.00027405,"tid":202570743,"timestamp":1633682052},{"type":"bid","price":3668.6799998,"amount":0.00020796,"tid":202570742,"timestamp":1633681502},{"type":"bid","price":3668.6799998,"amount":0.00014163,"tid":202570741,"timestamp":1633681190},{"type":"bid","price":3666.95555316,"amount":0.00036936,"tid":202570740,"timestamp":1633681190},{"type":"bid","price":3666.95555316,"amount":0.0001837,"tid":202570739,"timestamp":1633681190},{"type":"bid","price":3666.95555316,"amount":0.00012465,"tid":202570738,"timestamp":1633681190},{"type":"bid","price":3666.95555316,"amount":0.00069985,"tid":202570737,"timestamp":1633681189},{"type":"bid","price":3666.95555316,"amount":0.00142162,"tid":202570736,"timestamp":1633681189},{"type":"bid","price":3666.95555316,"amount":0.00051866,"tid":202570735,"timestamp":1633681189},{"type":"bid","price":3666.95555316,"amount":0.00086767,"tid":202570734,"timestamp":1633681189},{"type":"bid","price":3666.95555316,"amount":0.00205848,"tid":202570733,"timestamp":1633681189},{"type":"bid","price":3666.95555316,"amount":0.00083508,"tid":202570732,"timestamp":1633681189},{"type":"bid","price":3666.95555316,"amount":0.00176841,"tid":202570731,"timestamp":1633681189},{"type":"bid","price":3666.95555316,"amount":0.00063345,"tid":202570730,"timestamp":1633681189},{"type":"bid","price":3666.95555316,"amount":0.00022029,"tid":202570729,"timestamp":1633681189},{"type":"bid","price":3666.95555316,"amount":0.00015715,"tid":202570728,"timestamp":1633681189},{"type":"bid","price":3666.95555316,"amount":0.00175392,"tid":202570727,"timestamp":1633681043},{"type":"bid","price":3666.95555316,"amount":0.00236349,"tid":202570726,"timestamp":1633681042},{"type":"bid","price":3666.95555316,"amount":0.00040134,"tid":202570725,"timestamp":1633681042},{"type":"bid","price":3666.95555316,"amount":0.00029849,"tid":202570724,"timestamp":1633681042},{"type":"bid","price":3666.95555316,"amount":0.00149039,"tid":202570723,"timestamp":1633681042},{"type":"bid","price":3666.95555316,"amount":0.00097593,"tid":202570722,"timestamp":1633681042},{"type":"bid","price":3666.95555316,"amount":0.00276484,"tid":202570721,"timestamp":1633681042},{"type":"bid","price":3666.95555316,"amount":0.00276484,"tid":202570720,"timestamp":1633681042},{"type":"bid","price":3666.95555316,"amount":0.00152026,"tid":202570719,"timestamp":1633681042},{"type":"bid","price":3666.95555316,"amount":0.00118044,"tid":202570718,"timestamp":1633681042},{"type":"bid","price":3666.95555316,"amount":0.00217827,"tid":202570717,"timestamp":1633681042},{"type":"bid","price":3666.95555316,"amount":0.00052017,"tid":202570716,"timestamp":1633681042},{"type":"bid","price":3666.95555316,"amount":0.00096768,"tid":202570715,"timestamp":1633681042},{"type":"bid","price":3666.95555316,"amount":0.00071637,"tid":202570714,"timestamp":1633681042},{"type":"bid","price":3665.93878602,"amount":0.01493019,"tid":202570713,"timestamp":1633681042},{"type":"bid","price":3665.93878602,"amount":0.06676046,"tid":202570712,"timestamp":1633681042},{"type":"bid","price":3665.93878602,"amount":0.05231654,"tid":202570711,"timestamp":1633681042},{"type":"bid","price":3665.93878602,"amount":0.00889316,"tid":202570710,"timestamp":1633681042},{"type":"bid","price":3665.93878602,"amount":0.02438078,"tid":202570709,"timestamp":1633681041},{"type":"bid","price":3665.93878602,"amount":0.02944602,"tid":202570708,"timestamp":1633681041}]}